%YAML 1.1
%TAG !u! tag:unity3d.com,2011:
--- !u!1001 &100100000
Prefab:
  m_ObjectHideFlags: 1
  serializedVersion: 2
  m_Modification:
    m_TransformParent: {fileID: 0}
    m_Modifications: []
    m_RemovedComponents: []
  m_SourcePrefab: {fileID: 0}
  m_RootGameObject: {fileID: 1154730404846596}
  m_IsPrefabAsset: 1
--- !u!1 &1154730404846596
GameObject:
  m_ObjectHideFlags: 0
  m_CorrespondingSourceObject: {fileID: 0}
  m_PrefabInternal: {fileID: 100100000}
  serializedVersion: 6
  m_Component:
  - component: {fileID: 4624960298748164}
  m_Layer: 0
  m_Name: WallGenElement
  m_TagString: Untagged
  m_Icon: {fileID: 0}
  m_NavMeshLayer: 0
  m_StaticEditorFlags: 0
  m_IsActive: 1
--- !u!1 &1256487041513216
GameObject:
  m_ObjectHideFlags: 0
  m_CorrespondingSourceObject: {fileID: 0}
  m_PrefabInternal: {fileID: 100100000}
  serializedVersion: 6
  m_Component:
  - component: {fileID: 4088200855858010}
  - component: {fileID: 114626905972367204}
  - component: {fileID: 33750969069103822}
  - component: {fileID: 23351580560335674}
  - component: {fileID: 65421667464457118}
  m_Layer: 0
  m_Name: QcBox
  m_TagString: WallNorm
  m_Icon: {fileID: 0}
  m_NavMeshLayer: 0
  m_StaticEditorFlags: 0
  m_IsActive: 1
--- !u!1 &1590797869658156
GameObject:
  m_ObjectHideFlags: 0
  m_CorrespondingSourceObject: {fileID: 0}
  m_PrefabInternal: {fileID: 100100000}
  serializedVersion: 6
  m_Component:
  - component: {fileID: 4839812122060970}
  m_Layer: 0
  m_Name: NextObj
  m_TagString: Untagged
  m_Icon: {fileID: 0}
  m_NavMeshLayer: 0
  m_StaticEditorFlags: 0
  m_IsActive: 1
--- !u!4 &4088200855858010
Transform:
  m_ObjectHideFlags: 1
  m_CorrespondingSourceObject: {fileID: 0}
  m_PrefabInternal: {fileID: 100100000}
  m_GameObject: {fileID: 1256487041513216}
  m_LocalRotation: {x: 0, y: 0, z: 0, w: 1}
  m_LocalPosition: {x: 0, y: 0, z: 0}
  m_LocalScale: {x: 0.41733, y: 0.75, z: 0.8661509}
  m_Children: []
  m_Father: {fileID: 4624960298748164}
  m_RootOrder: 1
  m_LocalEulerAnglesHint: {x: 0, y: 0, z: 0}
--- !u!4 &4624960298748164
Transform:
  m_ObjectHideFlags: 1
  m_CorrespondingSourceObject: {fileID: 0}
  m_PrefabInternal: {fileID: 100100000}
  m_GameObject: {fileID: 1154730404846596}
  m_LocalRotation: {x: -0, y: -0, z: -0, w: 1}
  m_LocalPosition: {x: 0, y: -1.304, z: 0}
  m_LocalScale: {x: 1, y: 1, z: 1}
  m_Children:
  - {fileID: 4839812122060970}
  - {fileID: 4088200855858010}
  m_Father: {fileID: 0}
  m_RootOrder: 0
  m_LocalEulerAnglesHint: {x: 0, y: 0, z: 0}
--- !u!4 &4839812122060970
Transform:
  m_ObjectHideFlags: 1
  m_CorrespondingSourceObject: {fileID: 0}
  m_PrefabInternal: {fileID: 100100000}
  m_GameObject: {fileID: 1590797869658156}
  m_LocalRotation: {x: -0, y: -0, z: -0, w: 1}
  m_LocalPosition: {x: 0, y: 0.7499998, z: 0}
  m_LocalScale: {x: 0.41733, y: 0.7500005, z: 0.8661514}
  m_Children: []
  m_Father: {fileID: 4624960298748164}
  m_RootOrder: 0
  m_LocalEulerAnglesHint: {x: 0, y: 0, z: 0}
--- !u!23 &23351580560335674
MeshRenderer:
  m_ObjectHideFlags: 1
  m_CorrespondingSourceObject: {fileID: 0}
  m_PrefabInternal: {fileID: 100100000}
  m_GameObject: {fileID: 1256487041513216}
  m_Enabled: 1
  m_CastShadows: 1
  m_ReceiveShadows: 1
  m_DynamicOccludee: 1
  m_MotionVectors: 1
  m_LightProbeUsage: 1
  m_ReflectionProbeUsage: 1
  m_RenderingLayerMask: 4294967295
  m_Materials:
  - {fileID: 2100000, guid: 7af99f37bf62ec64282db7eb9a5b3edf, type: 2}
  m_StaticBatchInfo:
    firstSubMesh: 0
    subMeshCount: 0
  m_StaticBatchRoot: {fileID: 0}
  m_ProbeAnchor: {fileID: 0}
  m_LightProbeVolumeOverride: {fileID: 0}
  m_ScaleInLightmap: 1
  m_PreserveUVs: 0
  m_IgnoreNormalsForChartDetection: 0
  m_ImportantGI: 0
  m_StitchLightmapSeams: 0
  m_SelectedEditorRenderState: 3
  m_MinimumChartSize: 4
  m_AutoUVMaxDistance: 0.5
  m_AutoUVMaxAngle: 89
  m_LightmapParameters: {fileID: 0}
  m_SortingLayerID: 0
  m_SortingLayer: 0
  m_SortingOrder: 0
--- !u!33 &33750969069103822
MeshFilter:
  m_ObjectHideFlags: 1
  m_CorrespondingSourceObject: {fileID: 0}
  m_PrefabInternal: {fileID: 100100000}
  m_GameObject: {fileID: 1256487041513216}
  m_Mesh: {fileID: 0}
--- !u!65 &65421667464457118
BoxCollider:
  m_ObjectHideFlags: 1
  m_CorrespondingSourceObject: {fileID: 0}
  m_PrefabInternal: {fileID: 100100000}
  m_GameObject: {fileID: 1256487041513216}
  m_Material: {fileID: 0}
  m_IsTrigger: 0
  m_Enabled: 1
  serializedVersion: 2
  m_Size: {x: 1, y: 1, z: 1}
  m_Center: {x: 0, y: 0.5, z: 0}
--- !u!114 &114626905972367204
MonoBehaviour:
  m_ObjectHideFlags: 1
  m_CorrespondingSourceObject: {fileID: 0}
  m_PrefabInternal: {fileID: 100100000}
  m_GameObject: {fileID: 1256487041513216}
  m_Enabled: 1
  m_EditorHideFlags: 0
  m_Script: {fileID: 11500000, guid: 8bad17e6d05531544b2cdc3738c622fc, type: 3}
  m_Name: 
  m_EditorClassIdentifier: 
  vertices:
  - {x: -0.5, y: 0, z: 0.5}
  - {x: 0.5, y: 0, z: 0.5}
  - {x: -0.5, y: 0, z: -0.5}
  - {x: 0.5, y: 0, z: -0.5}
  - {x: -0.5, y: 1, z: -0.5}
  - {x: 0.5, y: 1, z: -0.5}
  - {x: -0.5, y: 1, z: 0.5}
  - {x: 0.5, y: 1, z: 0.5}
  - {x: -0.5, y: 0, z: -0.5}
  - {x: 0.5, y: 0, z: -0.5}
  - {x: -0.5, y: 1, z: -0.5}
  - {x: 0.5, y: 1, z: -0.5}
  - {x: 0.5, y: 0, z: 0.5}
  - {x: -0.5, y: 0, z: 0.5}
  - {x: 0.5, y: 1, z: 0.5}
  - {x: -0.5, y: 1, z: 0.5}
  - {x: -0.5, y: 0, z: 0.5}
  - {x: -0.5, y: 0, z: -0.5}
  - {x: -0.5, y: 1, z: 0.5}
  - {x: -0.5, y: 1, z: -0.5}
  - {x: 0.5, y: 0, z: -0.5}
  - {x: 0.5, y: 0, z: 0.5}
  - {x: 0.5, y: 1, z: -0.5}
  - {x: 0.5, y: 1, z: 0.5}
  properties:
    offset: {x: 0, y: 0.5, z: 0}
    genTextureCoords: 1
    addCollider: 1
    width: 1
    depth: 1
    height: 1
    widthSegments: 1
    depthSegments: 1
    heightSegments: 1
    option: 0
    slantedSides:
      size: {x: 0, y: 0}
    beveledEdge:
      width: 0
    hollow:
      thickness: 0
      height: 0
    textureWrapped: 0
